@article{marsden_laumann84,
  title={Mathematical ideas in social structural analysis},
  author={Marsden, Peter V and Laumann, Edward O},
  journal={Journal of Mathematical Sociology},
  volume={10},
  number={3-4},
  pages={271--294},
  year={1984}
}

@article{girvan_newman02,
  title={Community structure in social and biological networks},
  author={Girvan, Michelle and Newman, Mark EJ},
  journal={Proceedings of the national academy of sciences},
  volume={99},
  number={12},
  pages={7821--7826},
  year={2002}
}

@article{burt76,
  title={Positions in networks},
  author={Burt, Ronald S},
  journal={Social forces},
  volume={55},
  number={1},
  pages={93--122},
  year={1976},
  publisher={The University of North Carolina Press}
}

@article{white_etal76,
  title={Social structure from multiple networks. I. Blockmodels of roles and positions},
  author={White, Harrison C and Boorman, Scott A and Breiger, Ronald L},
  journal={American journal of sociology},
  volume={81},
  number={4},
  pages={730--780},
  year={1976}
}

@article{breiger_etal75,
  title={An algorithm for clustering relational data with applications to social network analysis and comparison with multidimensional scaling},
  author={Breiger, Ronald L and Boorman, Scott A and Arabie, Phipps},
  journal={Journal of mathematical psychology},
  volume={12},
  number={3},
  pages={328--383},
  year={1975},
  publisher={Elsevier}
}

@misc{jilbert24,
  title={The Network Origins of Social Distinction},
  author={Jilbert, Isaac},
  year={2024}
}

@article{kleinberg99,
  title={Authoritative sources in a hyperlinked environment},
  author={Kleinberg, Jon M},
  journal={Journal of the ACM (JACM)},
  volume={46},
  number={5},
  pages={604--632},
  year={1999},
  publisher={ACM New York, NY, USA}
}

@article{brin_page98,
  title={The anatomy of a large-scale hypertextual web search engine},
  author={Brin, Sergey and Page, Lawrence},
  journal={Computer networks and ISDN systems},
  volume={30},
  number={1-7},
  pages={107--117},
  year={1998},
  publisher={Elsevier}
}

@article{brandes_etal16,
  title={Maintaining the duality of closeness and betweenness centrality},
  author={Brandes, Ulrik and Borgatti, Stephen P and Freeman, Linton C},
  journal={Social networks},
  volume={44},
  pages={153--159},
  year={2016},
  publisher={Elsevier}
}

@Manual{R,
     title = {R: A Language and Environment for Statistical Computing},
     author = {{R Core Team}},
     organization = {R Foundation for Statistical Computing},
     address = {Vienna, Austria},
     year = {2021},
     url = {https://www.R-project.org/},
   }

@article{podolny01,
  title={Networks as the pipes and prisms of the market},
  author={Podolny, Joel M},
  journal={American journal of sociology},
  volume={107},
  number={1},
  pages={33--60},
  year={2001}
}

@article{brohl_lehnertz22,
  title={A straightforward edge centrality concept derived from generalizing degree and strength},
  author={Br{\"o}hl, Timo and Lehnertz, Klaus},
  journal={Scientific Reports},
  volume={12},
  number={1},
  pages={4407},
  year={2022},
  publisher={Nature Publishing Group UK London}
}

@article{radicchi2011best,
  title={Who is the best player ever? A complex network analysis of the history of professional tennis},
  author={Radicchi, Filippo},
  journal={PloS one},
  volume={6},
  number={2},
  pages={e17249},
  year={2011},
  publisher={Public Library of Science San Francisco, USA}
}

@techreport{rochat09,
  title={Closeness centrality extended to unconnected graphs: The harmonic centrality index},
  author={Rochat, Yannick},
  institution={Institute of Applied Mathematics
University of Lausanne},
  address={Switzerland},
  url={https://infoscience.epfl.ch/server/api/core/bitstreams/7f3097a0-d7e0-4cd4-a3f3-82673aab1909/content},
  year={2009}
}

@article{agneessens_etal17,
  title={Geodesic based centrality: Unifying the local and the global},
  author={Agneessens, Filip and Borgatti, Stephen P and Everett, Martin G},
  journal={Social Networks},
  volume={49},
  pages={12--26},
  year={2017},
  publisher={Elsevier}
}



@article{boldi_vigna14,
  title={Axioms for centrality},
  author={Boldi, Paolo and Vigna, Sebastiano},
  journal={Internet Mathematics},
  volume={10},
  number={3-4},
  pages={222--262},
  year={2014},
  publisher={Taylor \& Francis}
}

@article{newman03,
  title={Mixing patterns in networks},
  author={Newman, Mark EJ},
  journal={Physical review E},
  volume={67},
  number={2},
  pages={026126},
  year={2003},
  publisher={APS}
}

@article{freeman84,
  title={Turning a profit from mathematics: The case of social networks},
  author={Freeman, Linton C},
  journal={Journal of Mathematical Sociology},
  volume={10},
  number={3-4},
  pages={343--360},
  year={1984},
  publisher={Taylor \& Francis}
}

@article{zachary1977information,
  title={An information flow model for conflict and fission in small groups},
  author={Zachary, Wayne W},
  journal={Journal of anthropological research},
  volume={33},
  number={4},
  pages={452--473},
  year={1977},
  publisher={University of New Mexico}
}

@article{padgett1993robust,
  title={Robust Action and the Rise of the Medici, 1400-1434},
  author={Padgett, John F and Ansell, Christopher K},
  journal={American journal of sociology},
  volume={98},
  number={6},
  pages={1259--1319},
  year={1993},
  publisher={University of Chicago Press}
}

@article{vedres2010structural,
  title={Structural folds: Generative disruption in overlapping groups},
  author={Vedres, Balazs and Stark, David},
  journal={American journal of sociology},
  volume={115},
  number={4},
  pages={1150--1190},
  year={2010},
  publisher={The University of Chicago Press}
}

@article{burt1980autonomy,
  title={Autonomy in a social topology},
  author={Burt, Ronald S},
  journal={American Journal of Sociology},
  volume={85},
  number={4},
  pages={892--925},
  year={1980},
  publisher={University of Chicago Press}
}

@article{friedkin1991theoretical,
  title={Theoretical foundations for centrality measures},
  author={Friedkin, Noah E},
  journal={American journal of Sociology},
  volume={96},
  number={6},
  pages={1478--1504},
  year={1991},
  publisher={University of Chicago Press}
}

@article{martin2003field,
  title={What is field theory?},
  author={Martin, John Levi},
  journal={American journal of sociology},
  volume={109},
  number={1},
  pages={1--49},
  year={2003},
  publisher={The University of Chicago Press}
}

@article{anheier1995forms,
  title={Forms of capital and social structure in cultural fields: Examining Bourdieu's social topography},
  author={Anheier, Helmut K and Gerhards, Jurgen and Romo, Frank P},
  journal={American journal of sociology},
  volume={100},
  number={4},
  pages={859--903},
  year={1995},
  publisher={University of Chicago Press}
}

@article{bourdieu1984distinction,
  title={Distinction: A Social Critique of the Judgement of Taste},
  author={Bourdieu, Pierre},
  year={1984},
  publisher={Harvard University Press}
}

@article{freeman79,
  title={Centrality in Social Networks Conceptual Clarification},
  author={Freeman, Linton C},
  journal={Social Networks},
  volume={1},
  year={1979},
  pages={215--239}
}

@article{newman02,
  title={Assortative mixing in networks},
  author={Newman, Mark EJ},
  journal={Physical review letters},
  volume={89},
  number={20},
  pages={208701},
  year={2002},
  publisher={APS}
}

@article{bonacich1972norms,
  title={Norms and cohesion as adaptive responses to potential conflict: An experimental study},
  author={Bonacich, Phillip},
  journal={Sociometry},
  pages={357--375},
  year={1972},
  publisher={JSTOR}
}

@article{dunbar1995neocortex,
  title={Neocortex size and group size in primates: a test of the hypothesis},
  author={Dunbar, Robin IM},
  journal={Journal of human evolution},
  volume={28},
  number={3},
  pages={287--296},
  year={1995},
  publisher={Elsevier}
}

@article{feld1981focused,
  title={The focused organization of social ties},
  author={Feld, Scott L},
  journal={American journal of sociology},
  volume={86},
  number={5},
  pages={1015--1035},
  year={1981},
  publisher={University of Chicago Press}
}

@article{bearman2004chains,
  title={Chains of affection: The structure of adolescent romantic and sexual networks},
  author={Bearman, Peter S and Moody, James and Stovel, Katherine},
  journal={American journal of sociology},
  volume={110},
  number={1},
  pages={44--91},
  year={2004},
  publisher={The University of Chicago Press}
}

@article{lizardo2006cultural,
  title={How cultural tastes shape personal networks},
  author={Lizardo, Omar},
  journal={American sociological review},
  volume={71},
  number={5},
  pages={778--807},
  year={2006},
  publisher={Sage Publications Sage CA: Los Angeles, CA}
}

@article{vaisey2010can,
  title={Can cultural worldviews influence network composition?},
  author={Vaisey, Stephen and Lizardo, Omar},
  journal={Social Forces},
  volume={88},
  number={4},
  pages={1595--1618},
  year={2010},
  publisher={The University of North Carolina Press}
}

@article{lizardo2014omnivorousness,
  title={Omnivorousness as the bridging of cultural holes: A measurement strategy},
  author={Lizardo, Omar},
  journal={Theory and Society},
  volume={43},
  pages={395--419},
  year={2014},
  publisher={Springer}
}

@article{bryson1996anything,
  title={" Anything but heavy metal": Symbolic exclusion and musical dislikes},
  author={Bryson, Bethany},
  journal={American sociological review},
  pages={884--899},
  year={1996},
  publisher={JSTOR}
}

@article{wacquant2013symbolic,
  title={Symbolic power and group-making: On Pierre Bourdieuâ€™s reframing of class},
  author={Wacquant, Lo{\"\i}c},
  journal={Journal of classical sociology},
  volume={13},
  number={2},
  pages={274--291},
  year={2013},
  publisher={Sage Publications Sage UK: London, England}
}

@article{scott2012cultural,
  title={Cultural entrepreneurs, cultural entrepreneurship: Music producers mobilising and converting Bourdieu's alternative capitals},
  author={Scott, Michael},
  journal={Poetics},
  volume={40},
  number={3},
  pages={237--255},
  year={2012},
  publisher={Elsevier}
}

@article{calhoun2006pierre,
  title={Pierre Bourdieu and social transformation: Lessons from Algeria},
  author={Calhoun, Craig},
  journal={Development and change},
  volume={37},
  number={6},
  pages={1403--1415},
  year={2006},
  publisher={Wiley-Blackwell on behalf of the Institute of Social Studies, The Hague}
}

@article{erikson2013formalist-400, 
  year    = {2013}, 
  title   = {Formalist and Relationalist Theory in Social Network Analysis}, 
  author  = {Erikson, Emily}, 
  journal = {Sociological Theory}, 
  issn    = {0735-2751}, 
  doi     = {10.1177/0735275113501998}, 
  url     = {http://journals.sagepub.com/doi/pdf/10.1177/0735275113501998}, 
  pages   = {219--242}, 
  number  = {3}, 
  volume  = {31}, 
  note    = {doi: 10.1177/0735275113501998}
}
@book{fuhse2021social-9cb, 
  year      = {2021}, 
  title     = {Social Networks of Meaning and Communication}, 
  author    = {Fuhse, Jan}, 
  isbn      = {9780197606834}, 
  url       = {https://books.google.com/books?hl=en&lr=&id=uGtEEAAAQBAJ&oi=fnd&pg=PP1&dq=fuhse+networks+of+meaning+and+communication&ots=FqWPcQZQd3&sig=REB93WTTsaIIo2idcBBpyssvXx8}, 
  publisher = {Oxford University Press}, 
  month     = {10}
}
@book{podolny2010status-1a6, 
  year      = {2010}, 
  title     = {Status Signals: A Sociological Study of Market Competition}, 
  author    = {Podolny, Joel M}, 
  isbn      = {9781400837878}, 
  url       = {https://play.google.com/store/books/details?id=x9cLCOCcl9EC}, 
  publisher = {Princeton University Press}, 
  month     = {12}
}
@book{bourdieu1993field-8ad, 
  year      = {1993}, 
  title     = {The Field of Cultural Production: Essays on Art and Literature}, 
  author    = {Bourdieu, Pierre}, 
  isbn      = {9780231082877}, 
  url       = {https://books.google.com/books?hl=en&lr=&id=6kHKmIMNoBYC&oi=fnd&pg=PR7&dq=the%2Bfield%2Bof%2Bcultural%2Bproduction&ots=i6VEhpOF01&sig=bbjVD5NdB-V-75DuhWbbWeK8v0I}, 
  publisher = {Columbia University Press}, 
  address   = {New York}
}
@book{bourdieu1996rules-393, 
  year       = {1996}, 
  title      = {The Rules of Art: Genesis and Structure of the Literary Field}, 
  author     = {Bourdieu, Pierre}, 
  translator = {["Susan Emanuel"]}, 
  isbn       = {9780804726276}, 
  url        = {https://books.google.com/books?hl=en&lr=&id=5cgxLnbZjhcC&oi=fnd&pg=PR13&dq=bourdieu+rules+of+art&ots=DKTCqYLkZp&sig=D3Pd8-tuAhvt75Y1g7C_LZqw4_k}, 
  publisher  = {Stanford University Press}
}